<record><leader>00000cas a2200000 a 4500</leader><controlfield tag="001">10873381</controlfield><controlfield tag="008">840622d18491883vauwr ne      0   a0eng  </controlfield><datafield ind1=" " ind2=" " tag="010"><subfield code="a">sn 84025980 </subfield></datafield><datafield ind1=" " ind2=" " tag="040"><subfield code="a">NPV</subfield><subfield code="b">eng</subfield><subfield code="c">NPV</subfield><subfield code="d">NPX</subfield><subfield code="d">NPU</subfield><subfield code="d">NPY</subfield><subfield code="d">DLC</subfield><subfield code="d">NPH</subfield><subfield code="d">KNP</subfield><subfield code="d">CNK</subfield><subfield code="d">MGN</subfield><subfield code="d">NVK</subfield><subfield code="d">NVJ</subfield><subfield code="d">OCL</subfield><subfield code="d">NVK</subfield><subfield code="d">DLC</subfield><subfield code="d">NVK</subfield><subfield code="d">OCLCF</subfield></datafield><datafield ind1=" " ind2=" " tag="012"><subfield code="l">a</subfield></datafield><datafield ind1="0" ind2=" " tag="022"><subfield code="a">2163-7245</subfield><subfield code="2">1</subfield></datafield><datafield ind1=" " ind2=" " tag="042"><subfield code="a">pcc</subfield><subfield code="a">nsdp</subfield></datafield><datafield ind1=" " ind2=" " tag="043"><subfield code="a">n-us-va</subfield></datafield><datafield ind1="0" ind2="0" tag="050"><subfield code="a">Newspaper</subfield></datafield><datafield ind1="1" ind2="0" tag="082"><subfield code="a">070</subfield><subfield code="2">14</subfield></datafield><datafield ind1="0" ind2=" " tag="130"><subfield code="a">Abingdon Virginian (Abingdon, Va. : 1849)</subfield></datafield><datafield ind1=" " ind2="4" tag="222"><subfield code="a">The Abingdon Virginian</subfield><subfield code="b">(Abingdon, Va. 1849)</subfield></datafield><datafield ind1="1" ind2="4" tag="245"><subfield code="a">The Abingdon Virginian.</subfield></datafield><datafield ind1="1" ind2="0" tag="246"><subfield code="a">Virginian</subfield></datafield><datafield ind1=" " ind2=" " tag="260"><subfield code="a">Abingdon [Va.] :</subfield><subfield code="b">Coale &amp; Barr</subfield></datafield><datafield ind1=" " ind2=" " tag="300"><subfield code="a">v.</subfield></datafield><datafield ind1=" " ind2=" " tag="310"><subfield code="a">Weekly</subfield></datafield><datafield ind1="1" ind2=" " tag="362"><subfield code="a">Began in 1849. Ceased in 1883.</subfield></datafield><datafield ind1=" " ind2=" " tag="500"><subfield code="a">Editors: Jan. 1873-May 1874, G.R. Dunn; 1874-&lt;Mar&gt; 1883, G. W. Ward, Jr.</subfield></datafield><datafield ind1=" " ind2=" " tag="500"><subfield code="a">Publisher: Geo. R. Dunn, &lt;1873&gt;; G.W. Ward, &lt;1876&gt;.</subfield></datafield><datafield ind1=" " ind2=" " tag="500"><subfield code="a">Issues for May 13 and June 3, 1864 are printed as "half sheet" issues.</subfield></datafield><datafield ind1=" " ind2=" " tag="500"><subfield code="a">Nov. 7, 1862 issue is a quarter sheet extra entitled: Virginian extra.</subfield></datafield><datafield ind1=" " ind2=" " tag="515"><subfield code="a">Suspended Dec. 15, 1864-Dec. 1865. Cf. Cappon, L.J.  Va. newspapers, 1821-1935.</subfield></datafield><datafield ind1=" " ind2=" " tag="530"><subfield code="a">Also available on microfilm from the University of Virginia.</subfield></datafield><datafield ind1=" " ind2=" " tag="530"><subfield code="a">Archived issues are available in digital format as part of the Library of Congress Chronicling America online collection.</subfield></datafield><datafield ind1=" " ind2=" " tag="588"><subfield code="a">Description based on: Vol. 10, no. 14 (Mar. 31, 1849).</subfield></datafield><datafield ind1=" " ind2="0" tag="651"><subfield code="a">Abingdon (Va.)</subfield><subfield code="v">Newspapers.</subfield></datafield><datafield ind1=" " ind2="7" tag="655"><subfield code="a">Newspapers.</subfield><subfield code="2">fast</subfield><subfield code="0">(OCoLC)fst01423814</subfield></datafield><datafield ind1=" " ind2="7" tag="651"><subfield code="a">Virginia</subfield><subfield code="z">Abingdon.</subfield><subfield code="2">fast</subfield><subfield code="0">(OCoLC)fst01216144</subfield></datafield><datafield ind1=" " ind2=" " tag="752"><subfield code="a">United States</subfield><subfield code="b">Virginia</subfield><subfield code="c">Washington</subfield><subfield code="d">Abingdon.</subfield></datafield><datafield ind1="0" ind2="0" tag="780"><subfield code="t">Virginian (Abingdon, Va.)</subfield><subfield code="w">(DLC)sn 84038700</subfield><subfield code="w">(OCoLC)11456194</subfield></datafield><datafield ind1="0" ind2="0" tag="785"><subfield code="t">Abingdon weekly Virginian</subfield><subfield code="w">(DLC)sn 94059301</subfield><subfield code="w">(OCoLC)30057027</subfield></datafield><datafield ind1="4" ind2="1" tag="856"><subfield code="u">http://www.loc.gov/chroniclingamerica/lccn/sn84025980/issues</subfield></datafield><datafield ind1="4" ind2="1" tag="856"><subfield code="u">http://www.virginiachronicle.com/</subfield></datafield></record>